<record><leader>00000cas a22000007a 4500</leader><controlfield tag="001">23829315</controlfield><controlfield tag="008">910524d19341969aruwr ne      0    0eng d</controlfield><datafield ind1=" " ind2=" " tag="010"><subfield code="a">sn 91050079 </subfield></datafield><datafield ind1=" " ind2=" " tag="040"><subfield code="a">ANU</subfield><subfield code="b">eng</subfield><subfield code="c">ANU</subfield><subfield code="d">OCLCQ</subfield></datafield><datafield ind1=" " ind2=" " tag="042"><subfield code="a">msc</subfield></datafield><datafield ind1=" " ind2=" " tag="043"><subfield code="a">n-us-ar</subfield></datafield><datafield ind1="0" ind2="0" tag="245"><subfield code="a">Monette weekly sun.</subfield></datafield><datafield ind1=" " ind2=" " tag="260"><subfield code="a">Monette, Ark. :</subfield><subfield code="b">W.O. Troutt &amp; Sons</subfield></datafield><datafield ind1=" " ind2=" " tag="300"><subfield code="a">v.</subfield></datafield><datafield ind1=" " ind2=" " tag="310"><subfield code="a">Weekly</subfield></datafield><datafield ind1="0" ind2=" " tag="362"><subfield code="a">Vol. 47, no. 44 (Mar. 14, 1934)-v. 35, no. 51 (Apr. 24, 1969).</subfield></datafield><datafield ind1=" " ind2=" " tag="515"><subfield code="a">Numbering is irregular.</subfield></datafield><datafield ind1=" " ind2="0" tag="651"><subfield code="a">Monette (Ark.)</subfield><subfield code="v">Newspapers.</subfield></datafield><datafield ind1=" " ind2=" " tag="752"><subfield code="a">United States</subfield><subfield code="b">Arkansas</subfield><subfield code="c">Craighead</subfield><subfield code="d">Monette.</subfield></datafield><datafield ind1="0" ind2=" " tag="775"><subfield code="t">Jonesboro evening sun</subfield><subfield code="w">(DLC)sn 89051169</subfield></datafield><datafield ind1="0" ind2=" " tag="775"><subfield code="t">Jonesboro sun</subfield><subfield code="w">(DLC)sn 90050282</subfield></datafield><datafield ind1="0" ind2="0" tag="780"><subfield code="t">Jonesboro weekly sun</subfield><subfield code="w">(DLC)sn 91050066</subfield></datafield><datafield ind1="1" ind2=" " tag="029"><subfield code="a">AU@</subfield><subfield code="b">000025856882</subfield></datafield></record>